@book{1324845,
 author = {Aceto, Luca and Ing\'{o}lfsd\'{o}ttir, Anna and Larsen, Kim Guldstrand and Srba, Jiri},
 title = {Reactive Systems: Modelling, Specification and Verification},
 year = {2007},
 isbn = {0521875463},
 publisher = {Cambridge University Press},
 address = {New York, NY, USA},
}
