@Article{Her90,
author={T. Herman},
title={Probabilistic Self-stabilization},
journal={Information Processing Letters},
year={1990},

volume={35},
number={2},
pages={63--67},
month={},
note={},
key={}
}
