
@inproceedings{MuScSt1999,
   author = {Markus Muller-Olm and David A Schmidt and Bernhard Steffen},
   title = {Model checking: a tutorial introduction},
   booktitle = {Proceedings of the Annual International Static Analysis Symposium},
   volume = {1694},
   series = {lncs},
   pages = {330--354},
   month = {September},
   year = {1999},
   comment = {puppy},
   format = {ps slides.ps},
}
