@InProceedings{QWP99,
author={Q. Qiu and Q. Wu and M. Pedram},
title={Stochastic modeling of a power-managed system: construction and optimization},
booktitle={Proc. International Symposium on Low Power Electronics and Design},
year={1999},

editor={},
pages={194-199},
organization={},
publisher={ACM Press},
series={},
volume={},
address={},
month={},
note={},
key={}
}
