@article{Winskel1991157,
title = "A note on model checking the modal nu-calculus",
journal = "Theoretical Computer Science",
volume = "83",
number = "1",
pages = "157 - 167",
year = "1991",
note = "",
author = "Glynn Winskel"
}

